
% Family references

@article{mclanahan2013,
  title={The causal effects of father absence},
  author={McLanahan, Sara and Tach, Laura and Schneider, Daniel},
  journal={Annual Review of Sociology},
  volume={39},
  pages={399--427},
  year={2013},
  publisher={Annual Reviews}
}

@book{edin2005,
  title={Promises I can keep},
  author={Edin, Kathryn and Kefalas, Maria},
  year={2005},
  publisher={Berkeley: University of California Press}
}

@book{mclanahan1994,
  title={Growing Up with a Single Parent. What Hurts, What Helps.},
  author={McLanahan, Sara and Sandefur, Gary},
  year={1994},
  publisher={ERIC}
}

@article{macurdy1998,
  title={An evaluation of the {N}ational {L}ongitudinal {S}urvey on {Y}outh},
  author={MaCurdy, Thomas and Mroz, Thomas and Gritz, R Mark},
  journal={The Journal of Human Resources},
  volume={33},
  number={2},
  pages={345--436},
  year={1998},
  publisher={JSTOR}
}

@article{gibson2005,
  title={High hopes but even higher expectations: The retreat from marriage among low-income couples},
  author={Gibson-Davis, Christina M and Edin, Kathryn and McLanahan, Sara},
  journal={Journal of Marriage and Family},
  volume={67},
  number={5},
  pages={1301--1312},
  year={2005},
  publisher={Wiley Online Library}
}

@article{bloome2018,
  title={Educational Inequality, Educational Expansion, and Intergenerational Income Persistence in the {U}nited {S}tates},
  author={Bloome, Deirdre and Dyer, Shauna and Zhou, Xiang},
  journal={American Sociological Review},
  year={2018},
  publisher={SAGE Publications Sage CA: Los Angeles, CA}
}

@article{benzies2006,
  title={Factors influencing women’s decisions about timing of motherhood},
  author={Benzies, Karen and Tough, Suzanne and Tofflemire, Karen and Frick, Corine and Faber, Alexandra and Newburn-Cook, Christine},
  journal={Journal of Obstetric, Gynecologic \& Neonatal Nursing},
  volume={35},
  number={5},
  pages={625--633},
  year={2006},
  publisher={Elsevier}
}

@article{sevon2005,
  title={Timing motherhood: Experiencing and narrating the choice to become a mother},
  author={Sev{\'o}n, Eija},
  journal={Feminism \& Psychology},
  volume={15},
  number={4},
  pages={461--482},
  year={2005},
  publisher={Sage Publications Sage UK: London, England}
}


@article{furstenberg2007,
  title={Should government promote marriage?},
  author={Furstenberg, Frank F},
  journal={Journal of Policy Analysis and Management},
  volume={26},
  number={4},
  pages={956--961},
  year={2007},
  publisher={JSTOR}
}

@article{amato2007,
  title={Response to Furstenberg},
  author={Amato, Paul R},
  journal={Journal of Policy Analysis and Management},
  volume={26},
  number={4},
  pages={961--963},
  year={2007},
  publisher={JSTOR}
}

@article{park2004,
  title={Bayesian multilevel estimation with poststratification: state-level estimates from national polls},
  author={Park, David K and Gelman, Andrew and Bafumi, Joseph},
  journal={Political Analysis},
  volume={12},
  number={4},
  pages={375--385},
  year={2004},
  publisher={Cambridge University Press}
}

@article{wang2015,
  title={Forecasting elections with non-representative polls},
  author={Wang, Wei and Rothschild, David and Goel, Sharad and Gelman, Andrew},
  journal={International Journal of Forecasting},
  volume={31},
  number={3},
  pages={980--991},
  year={2015},
  publisher={Elsevier}
}

@inproceedings{mohan2013,
  title={Graphical models for inference with missing data},
  author={Mohan, Karthika and Pearl, Judea and Tian, Jin},
  booktitle={Advances in Neural Information Processing Systems},
  pages={1277--1285},
  year={2013}
}

@article{kuroki2014,
  title={Measurement bias and effect restoration in causal inference},
  author={Kuroki, Manabu and Pearl, Judea},
  journal={Biometrika},
  volume={101},
  number={2},
  pages={423--437},
  year={2014},
  publisher={Oxford University Press}
}

@article{imai2016,
  title={When Should We Use Linear Fixed Effects Regression Models for Causal Inference with Longitudinal Data?},
  author={Imai, Kosuke and Kim, In Song},
  journal={Princeton University, August},
  volume={19},
  year={2016}
}

@article{pearl2012,
  title={On measurement bias in causal inference},
  author={Pearl, Judea},
  journal={arXiv preprint arXiv:1203.3504},
  year={2012}
}

@article{budig2001,
  title={The wage penalty for motherhood},
  author={Budig, Michelle J and England, Paula},
  journal={American Sociological Review},
  pages={204--225},
  year={2001},
  publisher={JSTOR}
}

@article{blake1981,
  title={Family size and the quality of children},
  author={Blake, Judith},
  journal={Demography},
  volume={18},
  number={4},
  pages={421--442},
  year={1981},
  publisher={Springer}
}

@article{conley2006,
  title={Parental educational investment and children’s academic risk estimates of the impact of sibship size and birth order from exogenous variation in fertility},
  author={Conley, Dalton and Glauber, Rebecca},
  journal={Journal of human resources},
  volume={41},
  number={4},
  pages={722--737},
  year={2006},
  publisher={University of Wisconsin Press}
}

@book{bianchi2006,
  title={The changing rhythms of American family life},
  author={Bianchi, Suzanne M and Robinson, John P and Milke, Melissa A},
  year={2006},
  publisher={Russell Sage Foundation}
}

% Other sociology references

@article{granovetter1973,
  title={The Strength of Weak Ties},
  author={Granovetter, Mark S},
  journal={American Journal of Sociology},
  volume={78},
  number={6},
  pages={1360--1380},
  year={1973}
}

@techreport{chetty2018race,
  title={Race and economic opportunity in the United States: An intergenerational perspective},
  author={Chetty, Raj and Hendren, Nathaniel and Jones, Maggie R and Porter, Sonya R},
  year={2018},
  institution={National Bureau of Economic Research}
}

@book{wilson1987,
  title={The truly disadvantaged: The inner city, the underclass, and public policy},
  author={Wilson, William Julius},
  publisher={Chicago: University of Chicago},
  year={1987}
}

@book{blair2003,
  title={Competing Devotions: Career and Family Among Women Executives},
  author={Blair-Loy, Mary},
  year={2003},
  publisher={Harvard University Press}
}

% Stats and mobility references

@article{miao2018,
  title={Identifying causal effects with proxy variables of an unmeasured confounder},
  author={Miao, Wang and Geng, Zhi and Tchetgen Tchetgen, Eric J},
  journal={Biometrika},
  volume={105},
  number={4},
  pages={987--993},
  year={2018},
  publisher={Oxford University Press}
}

@article{hansen1946,
  title={The problem of non-response in sample surveys},
  author={Hansen, Morris H and Hurwitz, William N},
  journal={Journal of the American Statistical Association},
  volume={41},
  number={236},
  pages={517--529},
  year={1946},
  publisher={Taylor \& Francis Group}
}

@book{damaske2011,
  title={For the family?: How class and gender shape women's work},
  author={Damaske, Sarah},
  year={2011},
  publisher={Oxford University Press}
}

@incollection{harding2013,
  title={Mixed methods and causal analysis},
  author={Harding, David J and Seefeldt, Kristin S},
  booktitle={Handbook of Causal Analysis for Social Research},
  pages={91--110},
  year={2013},
  publisher={Springer}
}

@article{reijneveld1999,
  title={The impact of response bias on estimates of health care utilization in a metropolitan area: the use of administrative data.},
  author={Reijneveld, SA and Stronks, Karien},
  journal={International journal of epidemiology},
  volume={28},
  number={6},
  pages={1134--1140},
  year={1999}
}

@book{hastie1990,
  title={Generalized additive models},
  author={Hastie, Trevor and Tibshirani, Robert},
  year={1990},
  publisher={Wiley Online Library}
}

@article{becker1979,
  title={An equilibrium theory of the distribution of income and intergenerational mobility},
  author={Becker, Gary S and Tomes, Nigel},
  journal={Journal of political Economy},
  volume={87},
  number={6},
  pages={1153--1189},
  year={1979},
  publisher={The University of Chicago Press}
}

@article{chetty2014land,
  title={Where is the land of opportunity? The geography of intergenerational mobility in the United States},
  author={Chetty, Raj and Hendren, Nathaniel and Kline, Patrick and Saez, Emmanuel},
  journal={The Quarterly Journal of Economics},
  volume={129},
  number={4},
  pages={1553--1623},
  year={2014},
  publisher={Oxford University Press}
}

@book{dahl2008,
  title={The association between children's earnings and fathers' lifetime earnings: estimates using administrative data},
  author={Dahl, Molly W and DeLeire, Thomas},
  year={2008},
  publisher={University of Wisconsin-Madison, Institute for Research on Poverty}
}

@article{solon2004,
  title={A model of intergenerational mobility variation over time and place},
  author={Solon, Gary},
  journal={Generational income mobility in North America and Europe},
  pages={38--47},
  year={2004},
  publisher={Cambridge}
}

@article{campbell2012,
  title={Adult outcomes as a function of an early childhood educational program: an Abecedarian Project follow-up.},
  author={Campbell, Frances A and Pungello, Elizabeth P and Burchinal, Margaret and Kainz, Kirsten and Pan, Yi and Wasik, Barbara H and Barbarin, Oscar A and Sparling, Joseph J and Ramey, Craig T},
  journal={Developmental psychology},
  volume={48},
  number={4},
  pages={1033},
  year={2012},
  publisher={American Psychological Association}
}

@book{schweinhart2005,
  title={Lifetime effects: the High/Scope Perry Preschool study through age 40},
  author={Schweinhart, Lawrence J},
  number={14},
  year={2005},
  publisher={High/Scope Foundation}
}

@article{gelman2008,
  title={A weakly informative default prior distribution for logistic and other regression models},
  author={Gelman, Andrew and Jakulin, Aleks and Pittau, Maria Grazia and Su, Yu-Sung},
  journal={The Annals of Applied Statistics},
  pages={1360--1383},
  year={2008},
  publisher={JSTOR}
}

@article{sharkey2008,
  title={The intergenerational transmission of context},
  author={Sharkey, Patrick},
  journal={American Journal of Sociology},
  volume={113},
  number={4},
  pages={931--969},
  year={2008},
  publisher={The University of Chicago Press}
}

@book{edin2015,
  title={\$2.00 a day: Living on almost nothing in America},
  author={Edin, Kathryn J and Shaefer, H Luke},
  year={2015},
  publisher={Houghton Mifflin}
}

@article{rosenbaum2001,
  title={Matching and thick description in an observational study of mortality after surgery},
  author={Rosenbaum, Paul R and Silber, Jeffrey H},
  journal={Biostatistics},
  volume={2},
  number={2},
  pages={217--232},
  year={2001},
  publisher={Oxford University Press}
}

@article{semega2017,
  title={Income and Poverty in the United States: 2016},
  author={Semega, Jessica L and Fontenot, Kayla R and Kollar, Melissa A},
  journal={Washington, DC: United States Census Bureau},
  year={2017}
}

@article{robins1997,
  title={Causal inference from complex longitudinal data},
  author={Robins, James M},
  journal={Latent variable modeling and applications to causality},
  pages={69--117},
  year={1997},
  publisher={Springer}
}

@article{king2000,
  title={Making the most of statistical analyses: Improving interpretation and presentation},
  author={King, Gary and Tomz, Michael and Wittenberg, Jason},
  journal={American journal of political science},
  pages={347--361},
  year={2000},
  publisher={JSTOR}
}

@techreport{athey2017,
  title={Generalized Random Forests},
  author={Athey, Susan and Tibshirani, Julie and Wager, Stefan and others},
  year={2017}
}

@incollection{athey2017impact,
  title={The Impact of Machine Learning on Economics},
  author={Athey, Susan},
  booktitle={Economics of Artificial Intelligence},
  year={2017},
  publisher={University of Chicago Press}
}

@article{heckman2006,
  title={Skill formation and the economics of investing in disadvantaged children},
  author={Heckman, James J},
  journal={Science},
  volume={312},
  number={5782},
  pages={1900--1902},
  year={2006},
  publisher={American Association for the Advancement of Science}
}

@book{heckman2013,
  title={Giving kids a fair chance},
  author={Heckman, James J},
  year={2013},
  publisher={Mit Press}
}

@book{mayer1997,
  title={What money can't buy: Family income and children's life chances},
  author={Mayer, Susan E},
  year={1997},
  publisher={Harvard University Press}
}

@article{hill2011,
  title={Bayesian nonparametric modeling for causal inference},
  author={Hill,  Jennifer L},
  journal={Journal of Computational and Graphical Statistics},
  volume={20},
  number={1},
  pages={217--240},
  year={2011},
  publisher={Taylor \& Francis}
}

@book{bowles1972,
  title={Unequal education and the reproduction of the social division of labor},
  author={Bowles, Samuel},
  year={1972},
  publisher={Center for Educational Policy Research}
}

@article{duncan1961,
  title={Properties and characteristics of the socioeconomic index},
  author={Duncan, Otis Dudley},
  journal={Occupations and social status},
  pages={139--161},
  year={1961},
  publisher={Free Press New York}
}

@article{athey2016,
  title={Recursive partitioning for heterogeneous causal effects},
  author={Athey,  Susan and Imbens, Guido},
  journal={Proceedings of the National Academy of Sciences},
  volume={113},
  number={27},
  pages={7353--7360},
  year={2016},
  publisher={National Acad Sciences}
}

@article{wager2017,
  title={Estimation and inference of heterogeneous treatment effects using random forests},
  author={Wager, Stefan and Athey, Susan},
  journal={Journal of the American Statistical Association},
  number={just-accepted},
  year={2017},
  publisher={Taylor \& Francis}
}

@article{hainmueller2014,
  title={Kernel regularized least squares: Reducing misspecification bias with a flexible and interpretable machine learning approach},
  author={Hainmueller,  Jens and Hazlett, Chad},
  journal={Political Analysis},
  volume={22},
  number={2},
  pages={143--168},
  year={2014},
  publisher={SPM-PMSAPSA}
}

@article{imai2015,
  title={Robust estimation of inverse probability weights for marginal structural models},
  author={Imai, Kosuke and Ratkovic, Marc},
  journal={Journal of the American Statistical Association},
  volume={110},
  number={511},
  pages={1013--1023},
  year={2015},
  publisher={Taylor \& Francis}
}

@article{imaiRatkovic2013,
  title={Estimating treatment effect heterogeneity in randomized program evaluation},
  author={Imai, Kosuke and Ratkovic, Marc},
  journal={The Annals of Applied Statistics},
  volume={7},
  number={1},
  pages={443--470},
  year={2013},
  publisher={Institute of Mathematical Statistics}
}

@article{wodtke2011,
  title={Neighborhood effects in temporal perspective: The impact of long-term exposure to concentrated disadvantage on high school graduation},
  author={Wodtke,  Geoffrey T and Harding, David J and Elwert, Felix},
  journal={American Sociological Review},
  volume={76},
  number={5},
  pages={713--736},
  year={2011},
  publisher={Sage Publications Sage CA: Los Angeles, CA}
}

@article{an2017,
  title={Causal inference in panel data with application to estimating race-of-interviewer effects in the general social survey},
  author={An, Weihua and Winship, Christopher},
  journal={Sociological Methods \& Research},
  volume={46},
  number={1},
  pages={68--102},
  year={2017},
  publisher={SAGE Publications Sage CA: Los Angeles, CA}
}

@article{vaisey2017,
  title={What you can—and can’t—do with three-wave panel data},
  author={Vaisey, Stephen and Miles, Andrew},
  journal={Sociological Methods \& Research},
  volume={46},
  number={1},
  pages={44--67},
  year={2017},
  publisher={SAGE Publications Sage CA: Los Angeles, CA}
}

@article{halpern2017,
  title={Panel Conditioning in the General Social Survey},
  author={Halpern-Manners, Andrew and Warren, John Robert and Torche, Florencia},
  journal={Sociological Methods \& Research},
  volume={46},
  number={1},
  pages={103--124},
  year={2017},
  publisher={SAGE Publications Sage CA: Los Angeles, CA}
}

@article{hout2017,
  title={Models for Three-Wave Panel Data: Examples Using the General Social Survey Panels},
  author = {Michael Hout},
  journal={Sociological Methods \& Research},
  volume={46},
  number={1},
  pages={41-43},
  year={2017},
  publisher={SAGE Publications Sage CA: Los Angeles, CA}
}

@book{morgan2015,
  title={Counterfactuals and causal inference},
  author={Morgan, Stephen L and Winship, Christopher},
  year={2015},
  publisher={Cambridge University Press}
}

@inbook{morgan2014intro,
  title={Counterfactuals and causal inference},
  author={Morgan, Stephen L and Winship, Christopher},
  chapter = {1, Introduction},
  year={2014},
  edition = 2,
  publisher={Cambridge University Press}
}

@inbook{morgan2014counterfactuals,
  title={Counterfactuals and causal inference},
  author={Morgan, Stephen L and Winship, Christopher},
  chapter = {2, Counterfactuals and the potential outcome model},
  year={2014},
  edition = 2,
  publisher={Cambridge University Press}
}

@inbook{morgan2014dags,
  title={Counterfactuals and causal inference},
  author={Morgan, Stephen L and Winship, Christopher},
  chapter = {3, Causal graphs},
  year={2014},
  edition = 2,
  publisher={Cambridge University Press}
}

@inbook{morgan2014panel,
  title={Counterfactuals and causal inference},
  author={Morgan,  Stephen L and Winship, Christopher},
  chapter = {11, Repeated observations and the estimation of causal effects},
  year={2014},
  edition = 2,
  publisher={Cambridge University Press}
}

@inbook{morgan2014mechanisms,
  title={Counterfactuals and causal inference},
  author={Morgan,  Stephen L and Winship, Christopher},
  chapter = {10, Mechanisms and causal explanation},
  year={2014},
  edition = 2,
  publisher={Cambridge University Press}
}


@inbook{morgan2014set,
  title={Counterfactuals and causal inference},
  author={Morgan, Stephen L and Winship, Christopher},
  chapter = {12.2, Set identification with minimal assumptions},
  year={2014},
  edition = 2,
  publisher={Cambridge University Press}
}

@article{xu2016,
  title={Bayesian nonparametric estimation for dynamic treatment regimes with sequential transition times},
  author={Xu, Yanxun and M{\"u}ller, Peter and Wahed, Abdus S and Thall, Peter F},
  journal={Journal of the American Statistical Association},
  volume={111},
  number={515},
  pages={921--950},
  year={2016},
  publisher={Taylor \& Francis}
}

@article{sharkey2011,
  title={The Legacy of Disadvantage: Multigenerational Neighborhood Effects on Cognitive Ability 1},
  author={Sharkey, Patrick and Elwert, Felix},
  journal={American journal of sociology},
  volume={116},
  number={6},
  pages={1934--81},
  year={2011},
  publisher={University of Chicago Press Chicago, IL}
}

@article{glynn2014,
  title={Front-door Difference-in-Differences Estimators},
  author={Glynn, Adam and Kashin, Konstantin},
  journal={Manuscript. Harvard University, Cambridge, MA},
  year={2014}
}

@article{dafoe2015,
  title={Nonparametric Identification of Causal Effects under Temporal Dependence},
  author={Dafoe, Allan},
  journal={Sociological Methods \& Research},
  pages={0049124115613784},
  year={2015},
  publisher={SAGE Publications}
}



@article{wilkins2017,
  title={To Lag or Not to Lag?: Re-Evaluating the Use of Lagged Dependent Variables in Regression Analysis},
  author={Wilkins, Arjun S},
  journal={Political Science Research and Methods},
  pages={1--19},
  year={2017},
  publisher={Cambridge University Press}
}

@article{achen2000,
  title={Why lagged dependent variables can suppress the explanatory power of other independent variables},
  author={Achen, Christopher H},
  journal={Ann Arbor},
  volume={1001},
  number={2000},
  pages={48106--1248},
  year={2000}
}

@article{beck2011,
  title={Modeling dynamics in time-series--cross-section political economy data},
  author={Beck, Nathaniel and Katz, Jonathan N},
  journal={Annual Review of Political Science},
  volume={14},
  pages={331--352},
  year={2011},
  publisher={Annual Reviews}
}

@article{stewartManuscript,
  title={Latent factor regressions for the social sciences},
  author={Stewart, Brandon},
  year={Manuscript in progress}
}

@techreport{imaiManuscript,
  title={On the use of linear fixed effects regression models for causal inference},
  author={Imai,  Kosuke, and Kim, In Song},
  year={Manuscript in progress}
}

@article{xu2017,
  title={Generalized Synthetic Control Method: Causal Inference with Interactive Fixed Effects Models},
  author={Xu, Yiqing},
  journal={Political Analysis},
  volume={25},
  number={1},
  pages={57--76},
  year={2017},
  publisher={Cambridge University Press}
}

@article{elwert2014,
  title={Endogenous selection bias: The problem of conditioning on a collider variable},
  author={Elwert, Felix and Winship, Christopher},
  journal={Annual Review of Sociology},
  volume={40},
  pages={31--53},
  year={2014},
  publisher={Annual Reviews}
}

@article{jencks1972,
  title={Inequality: A reassessment of the effect of family and schooling in America.},
  author={Jencks, Christopher},
  year={1972},
  publisher={Basic Books}
}

@article{abadie2010,
  title={Synthetic control methods for comparative case studies: Estimating the effect of California’s tobacco control program},
  author={Abadie, Alberto and Diamond, Alexis and Hainmueller, Jens},
  journal={Journal of the American Statistical Association},
  volume={105},
  number={490},
  pages={493--505},
  year={2010},
  publisher={Taylor \& Francis}
}

@article{breen2013,
  title={Total, direct, and indirect effects in logit and probit models},
  author={Breen, Richard and Karlson, Kristian Bernt and Holm, Anders},
  journal={Sociological Methods \& Research},
  volume={42},
  number={2},
  pages={164--191},
  year={2013},
  publisher={Sage Publications Sage CA: Los Angeles, CA}
}

@incollection{angrist1999,
  title={Empirical strategies in labor economics},
  author={Angrist, Joshua D and Krueger, Alan B},
  booktitle={Handbook of Labor Economics},
  volume={3},
  pages={1277--1366},
  year={1999},
  publisher={Elsevier}
}

@article{samii2016,
  title={Retrospective Causal Inference with Machine Learning Ensembles: An Application to Anti-recidivism Policies in {Colombia}},
  author={Samii, Cyrus and Paler, Laura and Daly, Sarah Zukerman},
  journal={Political Analysis},
  volume={24},
  number={4},
  pages={434--456},
  year={2016},
  publisher={Cambridge University Press}
}

@article{holland1986,
  title={Statistics and causal inference},
  author={Holland, Paul W},
  journal={Journal of the American statistical Association},
  volume={81},
  number={396},
  pages={945--960},
  year={1986},
  publisher={Taylor \& Francis}
}

@article{rubin1974,
  title={Estimating causal effects of treatments in randomized and nonrandomized studies.},
  author={Rubin, Donald B},
  journal={Journal of educational Psychology},
  volume={66},
  number={5},
  pages={688},
  year={1974},
  publisher={American Psychological Association}
}

@article{rubin1976,
  title={Inference and missing data},
  author={Rubin, Donald B},
  journal={Biometrika},
  volume={63},
  number={3},
  pages={581--592},
  year={1976},
  publisher={Oxford University Press}
}

@book{little1987,
  title={Statistical analysis with missing data},
  author={Little, Roderick JA and Rubin, Donald B},
  volume={333},
  year={1987},
  publisher={New York: John Wiley \& Sons}
}

@article{horvitz1952,
  title={A generalization of sampling without replacement from a finite universe},
  author={Horvitz, Daniel G and Thompson, Donovan J},
  journal={Journal of the American Statistical Association},
  volume={47},
  number={260},
  pages={663--685},
  year={1952},
  publisher={Taylor \& Francis Group}
}

@article{si2015,
  title={Bayesian nonparametric weighted sampling inference},
  author={Si, Yajuan and Pillai, Natesh S and Gelman, Andrew and others},
  journal={Bayesian Analysis},
  volume={10},
  number={3},
  pages={605--625},
  year={2015},
  publisher={International Society for Bayesian Analysis}
}

@article{ghitza2013,
  title={Deep interactions with MRP: Election turnout and voting patterns among small electoral subgroups},
  author={Ghitza, Yair and Gelman, Andrew},
  journal={American Journal of Political Science},
  volume={57},
  number={3},
  pages={762--776},
  year={2013},
  publisher={Wiley Online Library}
}

@article{lax2009,
  title={How should we estimate public opinion in the states?},
  author={Lax, Jeffrey R and Phillips, Justin H},
  journal={American Journal of Political Science},
  volume={53},
  number={1},
  pages={107--121},
  year={2009},
  publisher={Wiley Online Library}
}

@article{arel2018,
	title={When Can Multiple Imputation Improve Regression Estimates?},
	DOI={10.1017/pan.2017.43},
	journal={Political Analysis},
	publisher={Cambridge University Press},
	author={Arel-Bundock, Vincent and Pelc, Krzysztof J.},
	year={2018},
	pages={1?6}
}

@article{winship1994,
  title={Sampling weights and regression analysis},
  author={Winship, Christopher and Radbill, Larry},
  journal={Sociological Methods \& Research},
  volume={23},
  number={2},
  pages={230--257},
  year={1994},
  publisher={SAGE PERIODICALS PRESS}
}

@book{pearl2009,
  title={Causality},
  author={Pearl,  Judea},
  year={2009},
  edition={2},
  publisher={Cambridge University Press}
}

@book{pearl2016,
  title={Causal inference in statistics: a primer},
  author={Pearl, Judea and Glymour, Madelyn and Jewell, Nicholas P},
  year={2016},
  publisher={John Wiley \& Sons}
}

@article{breiman2001,
  title={Random forests},
  author={Breiman, Leo},
  journal={Machine learning},
  volume={45},
  number={1},
  pages={5--32},
  year={2001},
  publisher={Springer}
}

@article{acharya2016,
  title={Explaining causal findings without bias: Detecting and assessing direct effects},
  author={Acharya,  Avidit and Blackwell, Matthew and Sen, Maya},
  journal={The American Political Science Review},
  volume={110},
  number={3},
  pages={512},
  year={2016},
  publisher={Cambridge University Press}
}

@article{imai2011,
  title={Unpacking the black box of causality: Learning about causal mechanisms from experimental and observational studies},
  author={Imai,  Kosuke and Keele, Luke and Tingley, Dustin and Yamamoto, Teppei},
  journal={American Political Science Review},
  pages={765--789},
  year={2011},
  publisher={JSTOR}
}

@article{imai2013,
  title={Experimental designs for identifying causal mechanisms},
  author={Imai, Kosuke and Tingley, Dustin and Yamamoto, Teppei},
  journal={Journal of the Royal Statistical Society: Series A (Statistics in Society)},
  volume={176},
  number={1},
  pages={5--51},
  year={2013},
  publisher={Wiley Online Library}
}

@article{imai2010,
  title={A general approach to causal mediation analysis.},
  author={Imai, Kosuke and Keele, Luke and Tingley, Dustin},
  journal={Psychological methods},
  volume={15},
  number={4},
  pages={309},
  year={2010},
  publisher={American Psychological Association}
}

@article{pearl2014,
  title={Interpretation and identification of causal mediation.},
  author={Pearl, Judea},
  journal={Psychological Methods},
  volume={19},
  number={4},
  pages={459},
  year={2014},
  publisher={American Psychological Association}
}

@article{imai2014,
  title={Comment on {Pearl}: Practical implications of theoretical results for causal mediation analysis.},
  author={Imai, Kosuke and Keele, Luke and Tingley, Dustin and Yamamoto, Teppei},
  year={2014},
  publisher={American Psychological Association}
}

@article{pearl2014reply,
  title={Reply to commentary by {Imai, Keele, Tingley, and Yamamoto} concerning causal mediation analysis.},
  author={Pearl, Judea},
  year={2014},
  publisher={American Psychological Association}
}

@inproceedings{pearl2001,
  title={Direct and indirect effects},
  author={Pearl, Judea},
  booktitle={Proceedings of the seventeenth conference on uncertainty in artificial intelligence},
  pages={411--420},
  year={2001},
  organization={Morgan Kaufmann Publishers Inc.}
}

@article{robins1986,
  title={A new approach to causal inference in mortality studies with a sustained exposure period—application to control of the healthy worker survivor effect},
  author={Robins, James},
  journal={Mathematical Modelling},
  volume={7},
  number={9-12},
  pages={1393--1512},
  year={1986},
  publisher={Elsevier}
}

@article{robins1992,
  title={Identifiability and exchangeability for direct and indirect effects},
  author={Robins, James M and Greenland, Sander},
  journal={Epidemiology},
  pages={143--155},
  year={1992},
  publisher={JSTOR}
}

@article{vanderweele2009,
  title={Concerning the consistency assumption in causal inference},
  author={VanderWeele, Tyler J},
  journal={Epidemiology},
  volume={20},
  number={6},
  pages={880--883},
  year={2009},
  publisher={LWW}
}

@article{robins2003,
  title={Semantics of causal DAG models and the identification of direct and indirect effects},
  author={Robins, James M},
  journal={Highly structured stochastic systems},
  pages={70--81},
  year={2003}
}

@article{pearl1995,
  title={Causal diagrams for empirical research},
  author={Pearl, Judea},
  journal={Biometrika},
  volume={82},
  number={4},
  pages={669--688},
  year={1995},
  publisher={Biometrika Trust}
}

@article{crump2008,
  title={Nonparametric tests for treatment effect heterogeneity},
  author={Crump, Richard K and Hotz, V Joseph and Imbens, Guido W and Mitnik, Oscar A},
  journal={The Review of Economics and Statistics},
  volume={90},
  number={3},
  pages={389--405},
  year={2008},
  publisher={MIT Press}
}

@article{tian2014,
  title={A simple method for estimating interactions between a treatment and a large number of covariates},
  author={Tian, Lu and Alizadeh, Ash A and Gentles, Andrew J and Tibshirani, Robert},
  journal={Journal of the American Statistical Association},
  volume={109},
  number={508},
  pages={1517--1532},
  year={2014},
  publisher={Taylor \& Francis}
}

@article{green2012,
  title={Modeling heterogeneous treatment effects in survey experiments with Bayesian additive regression trees},
  author={Green, Donald P and Kern, Holger L},
  journal={Public opinion quarterly},
  pages={nfs036},
  year={2012},
  publisher={AAPOR}
}

@article{taddy2016,
  title={A Nonparametric Bayesian Analysis of Heterogenous Treatment Effects in Digital Experimentation},
  author={Taddy, Matt and Gardner, Matt and Chen, Liyun and Draper, David},
  journal={Journal of Business \& Economic Statistics},
  volume={34},
  number={4},
  pages={661--672},
  year={2016},
  publisher={Taylor \& Francis}
}

@article{rosenblum2011,
  title={Optimizing randomized trial designs to distinguish which subpopulations benefit from treatment},
  author={Rosenblum, Michael and Van der Laan, Mark J},
  journal={Biometrika},
  volume={98},
  number={4},
  pages={845},
  year={2011},
  publisher={Oxford University Press}
}

@article{shahn2017,
  title={Latent Class Mixture Models of Treatment Effect Heterogeneity},
  author={Shahn,  Zach and Madigan, David and others},
  journal={Bayesian Analysis},
  year={2017},
  publisher={International Society for Bayesian Analysis}
}

@article{shiraito,
  title={Uncovering Heterogeneous Treatment Effects},
  author={Shiraito, Yuki}
}

@article{vanderweele2017,
  title={Mediation analysis with time varying exposures and mediators},
  author={VanderWeele, Tyler J and Tchetgen Tchetgen, Eric J},
  journal={Journal of the Royal Statistical Society: Series B (Statistical Methodology)},
  volume={79},
  number={3},
  pages={917--938},
  year={2017},
  publisher={Wiley Online Library}
}

@book{vanderweele2015,
  title={Explanation in causal inference: methods for mediation and interaction},
  author={VanderWeele, Tyler},
  year={2015},
  publisher={Oxford University Press}
}

@article{lin2017,
  title={Parametric mediational g-formula approach to mediation analysis with time-varying exposures, mediators, and confounders},
  author={Lin, Sheng-Hsuan and Young, Jessica and Logan, Roger and Tchetgen, Eric J Tchetgen and VanderWeele, Tyler J},
  journal={Epidemiology},
  volume={28},
  number={2},
  pages={266--274},
  year={2017},
  publisher={LWW}
}

@article{vanderweele2014,
  title={Effect decomposition in the presence of an exposure-induced mediator-outcome confounder},
  author={VanderWeele, Tyler J and Vansteelandt, Stijn and Robins, James M},
  journal={Epidemiology},
  volume={25},
  number={2},
  pages={300},
  year={2014},
  publisher={NIH Public Access}
}

@article{beck1998,
  title={Beyond linearity by default: Generalized additive models},
  author={Beck, Nathaniel and Jackman, Simon},
  journal={American Journal of Political Science},
  pages={596--627},
  year={1998},
  publisher={JSTOR}
}

@article{beck2000,
  title={Improving quantitative studies of international conflict: A conjecture},
  author={Beck, Nathaniel and King, Gary and Zeng, Langche},
  journal={American Political Science Review},
  volume={94},
  number={1},
  pages={21--35},
  year={2000},
  publisher={Cambridge University Press}
}

@article{bell2015,
  title={Explaining fixed effects: Random effects modeling of time-series cross-sectional and panel data},
  author={Bell, Andrew and Jones, Kelvyn},
  journal={Political Science Research and Methods},
  volume={3},
  number={1},
  pages={133--153},
  year={2015},
  publisher={Cambridge University Press}
}

@article{killewald2016,
  title={Does Your Home Make You Wealthy?},
  author={Killewald, Alexandra and Bryan, Brielle},
  journal={The Russell Sage Foundation Journal of the Social Sciences},
  year={2016},
  publisher={Russell Sage Foundation}
}

@article{hainmueller2017,
  title={How Much Should We Trust Estimates from Multiplicative Interaction Models? {Simple} Tools to Improve Empirical Practice},
  author={Hainmueller,  Jens and Mummolo, Jonathan and Xu, Yiqing},
  year={2017}
}

@book{imbens2015,
  title={Causal Inference in Statistics, Social, and Biomedical Sciences},
  author={Imbens,  Guido W and Rubin, Donald B},
  year={2015},
  publisher={Cambridge University Press}
}

@book{hernan2018,
  title={Causal inference},
  author={Hernan,  Miguel A. and Robins, James M.},
  year={2018},
  publisher={Unpublished book manuscript}
}

@article{hernan2016,
  title={Does water kill? {A} call for less casual causal inferences},
  author={Hern{\'a}n, Miguel A},
  journal={Annals of epidemiology},
  volume={26},
  number={10},
  pages={674--680},
  year={2016},
  publisher={Elsevier}
}

@book{vanderlaan2011,
  title={Targeted learning: Causal inference for observational and experimental data},
  author={Van der Laan, Mark J and Rose, Sherri},
  year={2011},
  publisher={Springer Science \& Business Media}
}

@article{ratkovic2017,
  title={Causal Inference through the Method of Direct Estimation},
  author={Ratkovic,  Marc and Tingley, Dustin},
  journal={arXiv preprint arXiv:1703.05849},
  year={2017}
}

@article{bloniarz2016,
  title={Lasso adjustments of treatment effect estimates in randomized experiments},
  author={Bloniarz, Adam and Liu, Hanzhong and Zhang, Cun-Hui and Sekhon, Jasjeet S and Yu, Bin},
  journal={Proceedings of the National Academy of Sciences},
  volume={113},
  number={27},
  pages={7383--7390},
  year={2016},
  publisher={National Academy of Sciences}
}

@techreport{chernozhukov2017,
  title={Double/Debiased Machine Learning for Treatment and Structural Parameters},
  author={Chernozhukov,  Victor and Chetverikov, Denis and Demirer, Mert and Duflo, Esther and Hansen, Christian and Newey, Whitney and Robins, James},
  year={2017},
  institution={National Bureau of Economic Research}
}

@article{hudgens2008,
  title={Toward causal inference with interference},
  author={Hudgens,  Michael G and Halloran, M Elizabeth},
  journal={Journal of the American Statistical Association},
  volume={103},
  number={482},
  pages={832--842},
  year={2008},
  publisher={Taylor \& Francis}
}

@article{aronow2017,
  title={Estimating Spatial Effects},
  author={Aronow, Peter M and Samii, Cyrus},
  year={2017}
}

@article{athey2016b,
  title={Exact p-values for network interference},
  author={Athey, Susan and Eckles, Dean and Imbens, Guido W},
  journal={Journal of the American Statistical Association},
  number={just-accepted},
  year={2016},
  publisher={Taylor \& Francis}
}

@inproceedings{blackwell2014,
  title={How to make causal inferences with time-series cross-sectional data},
  author={Blackwell,  Matthew and Glynn, Adam},
  journal={Working paper}
}

@inproceedings{acharya2017,
  title={Analyzing Causal Mechanisms in Survey Experiments},
  author={Acharya, Avidit and Blackwell, Matthew and Sen, Maya}
}

@book{spirtes2000,
  title={Causation, prediction, and search},
  author={Spirtes,  Peter and Glymour, Clark N and Scheines, Richard},
  year={2000},
  publisher={MIT press}
}

@article{vanderlaan2007,
  title={Super learner},
  author={Van der Laan, Mark J and Polley, Eric C and Hubbard, Alan E},
  journal={Statistical applications in genetics and molecular biology},
  volume={6},
  number={1},
  year={2007}
}

@article{friedman2001,
  title={Greedy function approximation: a gradient boosting machine},
  author={Friedman, Jerome H},
  journal={Annals of statistics},
  pages={1189--1232},
  year={2001},
  publisher={JSTOR}
}

@article{torche2016,
  title={Estimating Intergenerational Mobility With Grouped Data: A Critique of Clark?s the Son Also Rises},
  author={Torche, Florencia and Corvalan, Alejandro},
  journal={Sociological Methods \& Research},
  pages={0049124116661579},
  year={2016},
  publisher={SAGE Publications Sage CA: Los Angeles, CA}
}

@book{clark2014,
  title={The son also rises: surnames and the history of social mobility},
  author={Clark, Gregory},
  year={2014},
  publisher={Princeton University Press}
}

@article{peters2016,
  title={Causal inference by using invariant prediction: identification and confidence intervals},
  author={Peters, Jonas and B{\"u}hlmann, Peter and Meinshausen, Nicolai},
  journal={Journal of the Royal Statistical Society: Series B (Statistical Methodology)},
  volume={78},
  number={5},
  pages={947--1012},
  year={2016},
  publisher={Wiley Online Library}
}

@article{heckerman2006,
  title={A Bayesian approach to causal discovery},
  author={Heckerman, David and Meek, Christopher and Cooper, Gregory},
  journal={Innovations in Machine Learning},
  pages={1--28},
  year={2006},
  publisher={Springer}
}

@inproceedings{hoyer2009,
  title={Nonlinear causal discovery with additive noise models},
  author={Hoyer, Patrik O and Janzing, Dominik and Mooij, Joris M and Peters, Jonas and Sch{\"o}lkopf, Bernhard},
  booktitle={Advances in neural information processing systems},
  pages={689--696},
  year={2009}
}

@article{neal2000,
  title={Markov chain sampling methods for Dirichlet process mixture models},
  author={Neal, Radford M},
  journal={Journal of computational and graphical statistics},
  volume={9},
  number={2},
  pages={249--265},
  year={2000},
  publisher={Taylor \& Francis Group}
}

@article{carpenter2016,
  title={Stan: A probabilistic programming language},
  author={Carpenter, Bob and Gelman, Andrew and Hoffman, Matt and Lee, Daniel and Goodrich, Ben and Betancourt, Michael and Brubaker, Michael A and Guo, Jiqiang and Li, Peter and Riddell, Allen},
  journal={Journal of Statistical Software},
  volume={20},
  pages={1--37},
  year={2016}
}

@inbook{gelman2014Dirichlet,
  title={Bayesian data analysis},
  author={Gelman, Andrew and Carlin, John B and Stern, Hal S and Dunson, David B and Vehtari, Aki and Rubin, Donald B},
  chapter = {23, Dirichlet process models},
  volume={2},
  year={2014},
  publisher={CRC press Boca Raton, FL}
}

@inbook{gelman2014Gaussian,
  title={Bayesian data analysis},
  author={Gelman, Andrew and Carlin, John B and Stern, Hal S and Dunson, David B and Vehtari, Aki and Rubin, Donald B},
  chapter = {21, Gaussian process models},
  volume={2},
  year={2014},
  publisher={CRC press Boca Raton, FL}
}

@article{blackwell2013,
  title={A framework for dynamic causal inference in political science},
  author={Blackwell,  Matthew},
  journal={American Journal of Political Science},
  volume={57},
  number={2},
  pages={504--520},
  year={2013},
  publisher={Wiley Online Library}
}

@article{cornfield1959,
  title={Smoking and lung cancer: recent evidence and a discussion of some questions},
  author={Cornfield, Jerome and Haenszel, William and Hammond, E Cuyler and Lilienfeld, Abraham M and Shimkin, Michael B and Wynder, Ernst L},
  journal={J. Nat. Cancer Inst},
  volume={22},
  pages={173--203},
  year={1959}
}

@article{demarchi2004,
  title={Untangling neural nets},
  author={De Marchi, Scott and Gelpi, Christopher and Grynaviski, Jeffrey D},
  journal={American Political Science Review},
  volume={98},
  number={2},
  pages={371--378},
  year={2004},
  publisher={Cambridge University Press}
}

@article{beck2004,
  title={Theory and evidence in international conflict: a response to de Marchi, Gelpi, and Grynaviski},
  author={Beck, Nathaniel and King, Gary and Zeng, Langche},
  journal={American Political Science Review},
  volume={98},
  number={2},
  pages={379--389},
  year={2004},
  publisher={Cambridge University Press}
}

@book{rasmussen2006,
  title={Gaussian processes for machine learning},
  author={Rasmussen, Carl Edward and Williams, Christopher KI},
  volume={1},
  year={2006},
  publisher={MIT press Cambridge}
}

@article{belloni2013,
  title={Least squares after model selection in high-dimensional sparse models},
  author={Belloni, Alexandre and Chernozhukov, Victor},
  year={2013},
  journal={Bernoulli},
  volume={19},
  number={2},
  pages={521-547}
}

@article{grimmer2017,
  title={Estimating Heterogeneous Treatment Effects and the Effects of Heterogeneous Treatments with Ensemble Methods},
  author={Grimmer,  Justin and Messing, Solomon and Westwood, Sean J},
  year={2017},
  journal={Working paper}
}

@article{shiraito2017,
  title={Uncovering Heterogeneous Treatment Effects},
  author={Shiraito, Yuki},
  year={2017},
  journal={Working paper}
}

@article{ratkovic2017compliance,
  title={Strengthening Weak Instruments by Modeling Compliance},
  author={Ratkovic, Marc and Shiraito, Yuki},
  year={2017},
  journal={Working paper}
}

@article{ding2017,
  title={Decomposing treatment effect variation},
  author={Ding, Peng and Feller, Avi and Miratrix, Luke},
  journal={arXiv preprint arXiv:1605.06566},
  year={2017}
}

@article{ratkovic2017sparse,
  title={Sparse estimation and uncertainty with application to subgroup analysis},
  author={Ratkovic, Marc and Tingley, Dustin},
  journal={Political Analysis},
  volume={25},
  number={1},
  pages={1--40},
  year={2017},
  publisher={Cambridge University Press}
}

@article{sobel2012,
  title={Compliance Mixture Modelling with a Zero-Effect Complier Class and Missing Data},
  author={Sobel, Michael E and Muth{\'e}n, Bengt},
  journal={Biometrics},
  volume={68},
  number={4},
  pages={1037--1045},
  year={2012},
  publisher={Wiley Online Library}
}

@article{wiesenfarth2014,
  title={Bayesian nonparametric instrumental variables regression based on penalized splines and dirichlet process mixtures},
  author={Wiesenfarth, Manuel and Hisgen, Carlos Mat{\'\i}as and Kneib, Thomas and Cadarso-Suarez, Carmen},
  journal={Journal of Business \& Economic Statistics},
  volume={32},
  number={3},
  pages={468--482},
  year={2014},
  publisher={Taylor \& Francis}
}

@article{shen2015,
  title={Inference for subgroup analysis with a structured logistic-normal mixture model},
  author={Shen, Juan and He, Xuming},
  journal={Journal of the American Statistical Association},
  volume={110},
  number={509},
  pages={303--312},
  year={2015},
  publisher={Taylor \& Francis}
}

@article{egami2017,
  title={Identification and Sensitivity Analysis for Network-Specific Spillover Effects: Application to An Online Network Experiment},
  author={Egami, Naoki},
  year={2017},
  journal={Working paper}
}

@inproceedings{hartford2017,
  title={Deep {IV}: A Flexible Approach for Counterfactual Prediction},
  author={Hartford,  Jason and Lewis, Greg and Leyton-Brown, Kevin and Taddy, Matt},
  booktitle={International Conference on Machine Learning},
  pages={1414--1423},
  year={2017}
}

@article{chernozhukov2005,
  title={An {IV} model of quantile treatment effects},
  author={Chernozhukov, Victor and Hansen, Christian},
  journal={Econometrica},
  volume={73},
  number={1},
  pages={245--261},
  year={2005},
  publisher={Wiley Online Library}
}

@article{firpo2009,
  title={Unconditional quantile regressions},
  author={Firpo, Sergio and Fortin, Nicole M and Lemieux, Thomas},
  journal={Econometrica},
  volume={77},
  number={3},
  pages={953--973},
  year={2009},
  publisher={Wiley Online Library}
}

@article{killewald2014,
  title={Is the motherhood penalty larger for low-wage women? {A} comment on quantile regression},
  author={Killewald, Alexandra and Bearak, Jonathan},
  journal={American Sociological Review},
  volume={79},
  number={2},
  pages={350--357},
  year={2014},
  publisher={SAGE Publications Sage CA: Los Angeles, CA}
}

@article{koenker1978,
  title={Regression quantiles},
  author={Koenker,  Roger and Bassett Jr, Gilbert},
  journal={Econometrica: journal of the Econometric Society},
  pages={33--50},
  year={1978},
  publisher={JSTOR}
}

@article{dinardo1996,
  title={Labor Market Institutions and the Distribution of Wages, 1973-1992: A Semiparametric Approach},
  author={DiNardo, John and Fortin, Nicole M and Lemieux, Thomas},
  journal={Econometrica},
  volume={64},
  number={5},
  pages={1001--1044},
  year={1996}
}

@article{firpo2007,
  title={Efficient semiparametric estimation of quantile treatment effects},
  author={Firpo,  Sergio},
  journal={Econometrica},
  volume={75},
  number={1},
  pages={259--276},
  year={2007},
  publisher={Wiley Online Library}
}

@article{abadie2002,
  title={Instrumental variables estimates of the effect of subsidized training on the quantiles of trainee earnings},
  author={Abadie, Alberto and Angrist, Joshua and Imbens, Guido},
  journal={Econometrica},
  volume={70},
  number={1},
  pages={91--117},
  year={2002},
  publisher={Wiley Online Library}
}

@inproceedings{glynn2013,
  title={Structural Causal Models and the Specification of Time-series-cross-section Models},
  author={Glynn,  Adam N and Quinn, Kevin M},
  year={2013}
}

@article{wodtke2016,
  title={Neighborhood effect heterogeneity by family income and developmental period},
  author={Wodtke, Geoffrey T and Elwert, Felix and Harding, David J},
  journal={American Journal of Sociology},
  volume={121},
  number={4},
  pages={1168--1222},
  year={2016},
  publisher={University of Chicago Press Chicago, IL}
}

@article{wodtke2013,
  title={Duration and timing of exposure to neighborhood poverty and the risk of adolescent parenthood},
  author={Wodtke, Geoffrey T},
  journal={Demography},
  volume={50},
  number={5},
  pages={1765--1788},
  year={2013},
  publisher={Springer}
}

@article{peysakhovich2017,
  title={Learning causal effects from many randomized experiments using regularized instrumental variables},
  author={Peysakhovich,  Alexander and Eckles, Dean},
  journal={arXiv preprint arXiv:1701.01140},
  year={2017}
}

@article{estimands,
  title={Precise sociological statements: An argument for formalized estimands},
  author={Stewart, Brandon and Lundberg, Ian and Johnson, Rebecca and Zhang, Simone},
  journal={In progress [Target: AJS or ASR]},
  year={X}
}

@article{challengeInterviews,
  title={The dark matter of high school achievement: Inductive discovery of predictive features},
  author={Edin, Kathryn J. and Nelson, Timothy and Brown-Weinstock, Rachel and Lundberg, Ian and Donnelly, Katie and Yang, Vicki and McLanahan, Sara S. and Salganik, Matthew J.},
  journal={In progress [Target: Science]},
  year={X}
}

@article{missingData,
  title={Multiple imputation: Formalized assumptions with {DAG}s and estimating by machine learning},
  author={Lundberg, Ian},
  journal={Vague idea [Target: SMR]},
  year={X}
}

@article{cousins,
  title={Measuring Multigenerational Mobility: What Can we Learn from Cousin Correlations},
  author={Lundberg, Ian},
  journal={Under review},
  year={2019}
}

@article{correll2007,
  title={Getting a job: Is there a motherhood penalty?},
  author={Correll, Shelley J and Benard, Stephen and Paik, In},
  journal={American journal of sociology},
  volume={112},
  number={5},
  pages={1297--1338},
  year={2007},
  publisher={The University of Chicago Press}
}

@article{hernan2011,
  title={Compound treatments and transportability of causal inference},
  author={Hern{\'a}n, Miguel A and VanderWeele, Tyler J},
  journal={Epidemiology},
  volume={22},
  number={3},
  pages={368},
  year={2011},
  publisher={NIH Public Access}
}

@article{vanderweele2013,
  title={Causal inference under multiple versions of treatment},
  author={VanderWeele, Tyler J and Hern{\`a}n, Miguel A},
  journal={Journal of Causal Inference},
  volume={1},
  number={1},
  pages={1--20},
  year={2013},
  publisher={De Gruyter}
}

@article{hernan2008,
  title={Does obesity shorten life? The importance of well-defined interventions to answer causal questions},
  author={Hern{\'a}n, Miguel A and Taubman, Sarah L},
  journal={International Journal of Obesity},
  volume={32},
  number={S3},
  pages={S8},
  year={2008},
  publisher={Nature Publishing Group}
}

@article{pearl2010,
  title={Brief Report: On the Consistency Rule in Causal Inference: Axiom, Definition, Assumption, or Theorem?},
  author={Pearl, Judea},
  journal={Epidemiology},
  pages={872--875},
  year={2010},
  publisher={JSTOR}
}

@article{assistance,
  title={The protective effect of housing assistance on housing hardship},
  author={Lundberg, Ian and Gold, Sarah L. and Brooks-Gunn, Jeanne and McLanahan, Sara S.},
  journal={In progress [Target: Social Service Review]},
  year={X}
}

@article{eviction,
  title={A research note on the prevalence of housing eviction among children born in American cities},
  author={Lundberg, Ian and Donnelly, Louis J.},
  journal={Demography [Forthcoming]},
  year={2019}
}

@article{marriage,
  title={New evidence against a causal marriage wage premium},
  author={Killewald, Alexandra and Lundberg, Ian},
  journal={Demography},
  volume={54},
  number={3},
  pages={1007--1028},
  year={2017},
  publisher={Springer}
}

@article{privacy,
  title={Privacy, ethics, and data access: A case study of the Fragile Families Challenge},
  author={Lundberg, Ian and Narayanan, Arvind and Levy, Karen and Salganik, Matthew J},
  journal={arXiv preprint arXiv:1809.00103 [Forthcoming in Socius]},
  year={2018}
}

@article{bigPaper,
  title={The {Fragile Families Challenge}: Predictability of family outcomes in adolescence},
  author={Salganik, Matthew J. and Lundberg, Ian and Kindel, Alex and McLanahan, Sara and others},
  journal={In progress [Target: Science]},
  year={X}
}

@article{mlCausal,
  title={The dark matter of high school achievement: Inductive discovery of predictive features},
  author={Lundberg, Ian and Stewart, Brandon},
  journal={Vague idea [Target: Annals of Applied Statistics]},
  year={X}
}

@article{hout1988,
  title={More universalism, less structural mobility: The American occupational structure in the 1980s},
  author={Hout, Michael},
  journal={American Journal of sociology},
  volume={93},
  number={6},
  pages={1358--1400},
  year={1988},
  publisher={University of Chicago Press}
}

@article{torche2011,
  title={Is a college degree still the great equalizer? Intergenerational mobility across levels of schooling in the United States},
  author={Torche, Florencia},
  journal={American Journal of Sociology},
  volume={117},
  number={3},
  pages={763--807},
  year={2011},
  publisher={University of Chicago Press Chicago, IL}
}


@article{brand2010,
  title={Who benefits most from college? Evidence for negative selection in heterogeneous economic returns to higher education},
  author={Brand, Jennie E and Xie, Yu},
  journal={American Sociological Review},
  volume={75},
  number={2},
  pages={273--302},
  year={2010},
  publisher={Sage Publications Sage CA: Los Angeles, CA}
}

